@online{ibm-ml,
  title        = {What is machine learning (ML)?},
  author       = {IBM},
  year         = 2024,
  url          = {https://www.ibm.com/topics/machine-learning},
  urldate      = {2024-06-22}
}

@online{ibm-sl,
  title        = {What is supervised learning?},
  author       = {IBM},
  year         = 2020,
  url          = {https://www.ibm.com/topics/supervised-learning},
  urldate      = {2024-06-23}
}

@online{ibm-usl,
  title        = {What is unsupervised learning?},
  author       = {IBM},
  year         = 2020,
  url          = {https://www.ibm.com/topics/unsupervised-learning},
  urldate      = {2024-06-23}
}

